<?xml version="1.0" encoding="UTF-8"?><collection xmlns="http://www.loc.gov/MARC21/slim"><record><leader>00473nam--2200181-i-4500</leader><controlfield tag="001">000041726</controlfield><controlfield tag="002">20161230</controlfield><controlfield tag="005">20161230201043</controlfield><controlfield tag="008">060222s1000------------r-----000-0-eng-d</controlfield><datafield ind1=" " ind2=" " tag="020"><subfield code="a">0852268211</subfield></datafield><datafield ind1=" " ind2=" " tag="040"><subfield code="a">IFIN-HH</subfield></datafield><datafield ind1=" " ind2=" " tag="080"><subfield code="a">539.1</subfield></datafield><datafield ind1="1" ind2=" " tag="100"><subfield code="a">Singru,R.M</subfield></datafield><datafield ind1="1" ind2="0" tag="245"><subfield code="a">Introduction to experimental nuclear physics</subfield><subfield code="c">R.m. singru</subfield></datafield><datafield ind1=" " ind2=" " tag="260"><subfield code="a">Njew Delhi</subfield><subfield code="b">Wiley Eastern Private Limited</subfield><subfield code="c">1972</subfield></datafield><datafield ind1=" " ind2=" " tag="300"><subfield code="a">195P</subfield></datafield><datafield ind1=" " ind2=" " tag="852"><subfield code="a">37891</subfield><subfield code="c">539</subfield></datafield><datafield ind1=" " ind2=" " tag="CAT"><subfield code="a">Sys</subfield><subfield code="c">20111010</subfield><subfield code="h">101848</subfield></datafield></record></collection>